2337 2806
217 202 1331 282 Phatinmmordo‚aegne·persuseritssuellerus.
1348 171 1872 258 -inotuvmmffi
1896 207 2194 269 mfilhff·

214 273 284 313 lat.
314 274 339 322 S
373 277 471 314 107.
491 279 542 316 et
574 276 672 313 108.
701 272 742 311 ia
770 263 1112 312 munerandis
1142 272 1283 312 Naeuii
1309 267 1449 313 {sb-11·
1475 273 1648 317 secutum
1668 274 1760 313 asse
1781 271 2204 320 mordis*

214 331 415 373 initialium
451 331 615 371 coniecit
660 343 736 370 non
775 330 856 370 sine
892 344 1033 382 magna
1070 330 1154 369 ueri
1200 331 1365 381 specie,
1388 337 1518 372 tamen
1563 331 1613 371 de
1658 331 1852 372 Plautinis
1877 331 2073 374 dissonus
2107 330 2195 372 ido·

215 390 340 430 minus
368 389 461 429 mihi
490 388 691 438 satisfecit,
735 389 862 441 quod,
905 390 970 442 qui
1008 395 1223 440 temporum
1261 389 1399 429 rationi
1435 396 1584 430 tantum
1621 390 1797 430 tribuisse
1790 395 2006 458 putatur,
2041 396 2087 431 ut
2114 396 2205 433 tam

213 450 327 503 graui
358 449 609 489 inconstantia
638 446 825 502 simplicis
844 448 988 488 ordinis
1017 448 1311 493 concinnitatem
1341 450 1537 498 turbaret,
1573 449 1745 502 profecto
1779 439 1940 490 eandm
1979 457 2197 504 temporum·

200 510 387 550 *normam
423 509 580 549 uidetur
616 506 667 548 ad
697 509 863 548 uniuersi
892 508 1048 560 generis
1077 508 1358 559 dispositionem
1388 509 1627 551 adhibiturus
1654 509 1779 549 fuisse.
1838 511 1917 549 An
1930 510 2016 562 quis
2044 509 2195 551 dauns·

214 570 292 617 bit,
321 570 414 621 quin
444 568 634 621 potuerit,
665 574 710 607 ut
738 567 900 607 uoluisse
929 568 1202 621 aliquantisper
1231 568 1463 618 sutanum,
1488 569 1697 609 certissima
1725 581 1912 610 annorum
1941 569 2198 622 descriptione

213 628 384 682 singulas
423 628 569 668 fabulas
609 628 732 667 Varro
769 625 960 666 definire?
1005 627 1068 666 eui
1106 628 1255 678 praesto
1291 628 1434 668 suerint
1472 627 1521 668 L.
1551 627 1670 675 Attii,
1713 624 1806 668 n'atu
1837 628 1990 668 maioris
2017 628 2195 682 quidem,

214 689 280 728 sed
317 687 486 728 eiusdem
524 687 637 725 etiam
677 686 847 738 aequalis
884 692 1021 737 poetae
1065 692 1105 725 et
1142 687 1275 735 amici,
1319 687 1583 727 Didascalicon
1620 687 1706 726 libri
1744 685 1983 727 Graecorum
2018 689 2197 743 exempb

211 748 432 800 compositi,
462 746 511 786 de
532 746 670 797 quibus
691 747 776 797 post
791 746 1026 797 praeclaram
1036 745 1073 798 )
1104 745 1293 798 Maduigii
1317 746 1610 798 disputationem
1640 745 1803 799 (Opusc.
1822 747 1939 786 acad..
1936 761 1985 801 p.
2003 751 2074 789 87.
2072 747 2196 802 sqq.)

214 808 306 847 nihil
337 808 412 846 iam
442 805 727 845 controuersiae
757 805 951 856 superesse
980 805 1116 853 credo;
1161 806 1227 855 qui
1265 812 1463 856 praeterea
1493 806 1572 858 ipse
1603 819 1679 847 non
1706 811 1857 846 tantum
1886 806 1937 848 de
1965 807 2109 859 poetis,
2145 808 2196 849 de

214 866 370 909 scenicis
412 863 646 919 originibus,
693 863 744 904 de
780 863 987 904 comoediis
1025 859 1236 914 Plautinis,
1281 864 1349 904 sed
1386 865 1503 905 etiam
1540 864 1590 906 de
1626 866 1837 909 actionibus
1874 865 2029 907 scenicis
2066 865 2197 921 dodim

150 923 153 925 ’
211 939 329 978 opera
359 925 566 977 quaesierit
594 929 635 962 'et
665 922 824 976 singulis
852 924 1133 961 commentariis
1162 924 1400 975 exposuerit3
1440 938 1505 963 eas
1539 923 1705 976 denique
1735 924 1902 973 fabulas,
1939 937 2102 979 quarum
2132 923 2195 968 uel

212 985 341 1034 nobis,
387 984 417 1023 si
446 989 554 1035 recte
583 982 747 1023 coniecit
776 981 1134 1022 Windischmannus
1163 982 1188 1021 Ι.
1219 996 1253 1022 c.
1284 996 1323 1035 p.
1360 987 1455 1024 110.
1487 983 1590 1036 sqq.,
1631 983 1731 1024 duae
1766 985 1940 1027 seruatae
1970 983 2196 1031 didas-ialin

212 1047 429 1096 suppetant.
503 1045 634 1087 Quare
672 1043 703 1081 si
738 1041 831 1093 quid
869 1042 1004 1090 uideo,
1047 1049 1115 1081 aut
1151 1043 1225 1080 alio
1263 1043 1417 1082 omnino
1453 1042 1589 1082 ordine
1627 1044 1846 1096 superstites
1883 1044 2014 1083 Plauti
2050 1043 2198 1084 fabulas

123 1101 128 1104 ”
212 1105 338 1144 Varro
367 1103 568 1154 disposuit·
598 1115 686 1141 nam
717 1102 936 1153 superstites
965 1102 1059 1141 XX.
1090 1115 1176 1142 cum
1208 1102 1416 1142 Vidularia'
1435 1104 1527 1154 quin
1556 1103 1659 1154 ipsae
1688 1104 1776 1142 illae
1798 1103 1913 1143 XXI.
1936 1104 2196 1144 varronianae

213 1163 243 1203 Γ
245 1169 308 1212 nt
349 1176 426 1202 non
463 1160 577 1201 uideo
613 1175 702 1201 cum
735 1162 934 1202 Grauerto
980 1159 1112 1213 (Diar.
1152 1160 1320 1201 scholast.
1360 1176 1397 1201 a.
1433 1166 1558 1204 1828.
1597 1176 1635 1213 Ρ.
1672 1167 1816 1206 1166..
1828 1169 1869 1203 et
1898 1163 2009 1203 Anal.
2040 1162 2126 1208 hist.
2155 1171 2197 1204 et

210 1222 340 1276 ΡΙιϊΙοΙ.
371 1235 410 1275 Ρ.
440 1219 560 1274 180.)
590 1219 806 1260 dubitandi'
820 1220 1024 1259 rationem·
1061 1227 1150 1269 aut,
1179 1220 1283 1274 quod
1312 1221 1521 1275 amplector
1550 1220 1764 1277 lubentius,
1794 1235 1843 1263 ne
1871 1220 2082 1263 Bacchides
2110 1222 2196 1275 qui

210 1283 300 1321 dem
330 1294 379 1321 ex
411 1280 647 1333 reliquarum
679 1278 860 1319 societate
888 1281 1054 1327 exemit,
1095 1281 1160 1319 sed
1198 1286 1289 1328 ante
1327 1281 1511 1333 Captiuos
1547 1274 1761 1320 colloeauit.
1837 1280 1949 1321 Vn'de
1976 1282 2195 1333 posteriore

210 1339 366 1382 demum
411 1346 585 1392 tempore
629 1338 761 1379 auulsa
805 1339 974 1391 religiosi
1016 1340 1095 1379 siue
1133 1341 1375 1392 grammatici
1419 1340 1448 1380 Γ
1451 1353 1499 1379 ue
1532 1340 1676 1380 librarii
1713 1339 1913 1380 sedulitate
1949 1341 2074 1381 locum
2110 1342 2196 1394 post

210 1401 419 1454 Epidicum
450 1400 610 1439 inuenit.
687 1394 802 1443 Quod
840 1411 931 1437 num
971 1399 1044 1437 iam
1083 1400 1229 1439 saeculo
1261 1412 1300 1453 p.
1330 1400 1403 1439 Ch.
1433 1401 1569 1453 quinto
1597 1400 1738 1440 factum
1770 1401 1800 1440 Γ
1802 1406 1839 1449 t
1875 1413 1953 1452 quo
1981 1398 2195 1454 autiquiffi-

209 1474 317 1500 mum
348 1460 488 1499 librum
518 1460 812 1499 Ambrosianum
841 1459 971 1510 postea
1002 1460 1251 1509 rescriptum,
1287 1472 1402 1510 quem
1434 1460 1712 1498 Antoninorum
1742 1460 1869 1499 aetati
1894 1459 2087 1500 liheralius
2122 1460 2194 1498 tri·

209 1520 347 1559 buerat
376 1517 549 1572 Angelus
577 1517 704 1557 Maius
733 1515 864 1557 Plaut.
894 1516 1056 1569 Fragm.
1088 1531 1127 1571 p.
1155 1522 1243 1565 10.,
1273 1517 1479 1558 modestius
1509 1518 1751 1559 Niebuhrius
1774 1518 1923 1558 rettulit
1945 1519 2087 1572 Opusc.
2108 1517 2194 1560 hist.

210 1586 251 1619 et
280 1579 410 1632 philol.
441 1592 480 1630 p.
516 1581 633 1619 174.:
677 1591 728 1617 ex
765 1577 857 1616 Maii
896 1577 1051 1629 quidem
1089 1578 1307 1618 narratione
1343 1586 1421 1617 non
1449 1585 1621 1631 apparet.
1682 1578 1760 1617 Sed
1791 1578 1935 1620 sactum
1965 1580 2013 1619 sit
2042 1584 2196 1631 oport-t

211 1645 300 1678 ante
330 1653 377 1678 ea
405 1644 602 1689 tempora,
647 1637 784 1689 quibus
820 1636 947 1675 dirimi
984 1637 1023 1676 in
1061 1637 1155 1676 duas
1193 1643 1322 1689 partes
1358 1637 1490 1676 Plauti
1520 1637 1668 1677 fabulae
1698 1644 1856 1689 coeptae
1886 1639 1994 1687 sunt,
2031 1650 2194 1690 quarum

210 1698 334 1737 altera
379 1703 467 1735 octo
513 1697 660 1735 fabulas
705 1708 807 1734 nunc
850 1695 997 1746 priores
1025 1697 1089 1734 -ab
1127 1696 1403 1746 Amphitruone
1448 1696 1497 1734 ad
1543 1696 1748 1747 Epidicum
1792 1696 2048 1748 complectens
2088 1694 2193 1736 nulla

210 1763 337 1797 aetate
367 1770 443 1795 non
474 1755 553 1807 legi
584 1754 823 1806 describique
859 1754 966 1793 solita
997 1756 1079 1801 est,
1116 1754 1236 1793 altera
1273 1769 1296 1793 a
1320 1755 1578 1794 'Bacchidibus
1608 1757 1803 1806 pertinens
1832 1756 1883 1795 ad
1913 1752 2193 1796 Truculetitum

211 1830 282 1868 per
317 1816 549 1867 quingentos
588 1821 632 1853 ut
669 1814 891 1865 perhibetur
928 1827 1046 1851 annos
1085 1812 1259 1861 delituit,
1305 1814 1458 1865 soloque
1495 1815 1811 1854 Germanicorum
1839 1816 2025 1856 beneficio
2054 1828 2193 1856 coeno-

210 1876 360 1913 biorum
391 1876 439 1913 ab
470 1875 628 1913 interitu
659 1873 873 1921 uindicata,
912 1872 1061 1911 saeculo
1088 1872 1242 1911 demum
1273 1872 1361 1911 XV.
1390 1872 1500 1911 Italis
1529 1873 1761 1922 hominibus,
1791 1880 1835 1912 ut
1861 1875 2074 1914 accuratius
2103 1872 2192 1914 alibi

212 1936 371 1988 exposui
381 1963 394 1983 ,
425 1935 551 1973 denuo
581 1934 760 1972 innotuit.

1155 2032 1178 2081 ὃ
1210 2036 1250 2072 2.

333 2113 467 2154 Facile
502 2111 755 2164 intelligitur,
798 2111 829 2150 si
872 2110 1030 2150 alterius
1067 2109 1334 2151 Plautinarum
1372 2110 1584 2151 fabularum
1624 2111 1827 2152 uoluminis
1864 2111 1974 2151 initio
2009 2108 2199 2153 oollohtu

214 2172 425 2213 Bacchides
454 2178 560 2222 erat,
591 2170 781 2225 quomodo
810 2170 893 2210 eius
922 2169 1139 2210 comoediae
1168 2158 1290 2222 ipsum
1320 2176 1436 2229 caput
1465 2171 1592 2223 perire
1621 2172 1802 2223 potuerit.
1863 2169 2192 2215 Quemsfflnodsm

274 2333 302 2373 ⁴¹)
335 2333 551 2366 Praeclaram
574 2343 656 2365 cum
678 2331 774 2373 dico,
794 2331 918 2364 recedo
941 2331 982 2363 sb
1005 2340 1074 2363 uno
1096 2331 1174 2364 loco
1195 2340 1229 2373 p.
1252 2333 1336 2373 109„
1359 2331 1419 2363 ubi
1439 2332 1529 2363 Attii
1551 2331 1656 2373 (apud
1676 2332 1831 2364 Nonium
1852 2342 1886 2374 p.
1908 2332 1983 2373 150,
2003 2331 2068 2372 12.)
2089 2334 2193 2381 tetre-3,

336 2389 464 2413 metros
486 2384 720 2422 potuisse'hos
743 2384 811 2413 esse
834 2382 1003 2412 crediditz

686 2440 770 2470 Ειο
771 2438 1073 2478 ocnpletuturpoe
1057 2441 1129 2468 caet
1135 2432 1344 2476 ,cumsams
1364 2438 1468 2474 uro,
1494 2437 1627 2478 saepae

684 2487 925 2521 Dan-bifenum
943 2487 1045 2518 nidmu
1024 2487 1175 2525 uuestra
1154 2487 1515 2528 ‹usurpes-pernam

334 2549 490 2581 Namde
510 2549 609 2579 tertia
589 2559 670 2579 auo
702 2548 820 2579 scau
828 2551 868 2578 ta
878 2547 1000 2577 bilin
1009 2551 1047 2577 te
1030 2547 1196 2586 emrsyllb
1214 2546 1462 2586 :bu-‹zeupoduct
1485 2546 1760 2578 fefeiollteum
1741 2547 1824 2588 opin
1803 2546 1872 2578 nio.
1916 2545 2054 2578 scribet
2159 2542 2195 2576 Ψ

684 2609 753 2637 Aut
772 2608 870 2636 ducta
872 2607 1000 2636 biieltat
1019 2607 1121 2635 nimia
1141 2605 1252 2643 uestra
1271 2609 1332 2635 aut
1347 2605 1604 2645 perpercwatm.
2153 2592 2197 2623 '³=

332 2665 408 2698 Nisi
428 2665 570 2707 quidem
591 2665 739 2697 ulterius
762 2666 967 2698 continuata
987 2665 1146 2696 oratione
1167 2675 1186 2695 a
1208 2663 1302 2703 Quod
1322 2664 1380 2696 uel
1403 2663 1482 2696 Cum
1489 2657 1562 2695 'uel
1587 2662 1625 2695 Vt
1647 2664 1764 2696 uersus
1786 2663 1915 2704 iucipie
1898 2663 1987 2695 ebat.
