2337 2806
0 0 142 48 3513.

186 207 291 248 uinio
328 207 556 260 compositos
592 206 634 245 in
657 204 764 246 edit.
803 205 950 245 venet·
967 216 1005 263 ι.
1040 206 1167 246 1567.
1206 216 1246 257 p.
1278 209 1378 245 200.
1410 205 1491 257 sqq.
1481 232 1520 255 .‚
1553 205 1722 254 uda*
1724 197 2068 263 w*

185 266 247 306 ed.
279 268 433 306 Mediol.
464 281 501 305 a.
536 270 665 306 1782.
697 265 775 304 ιιοΙ.
805 266 851 312 1,
882 278 920 316 p.
956 254 1022 304 11.
1053 265 1135 316 sqq.
1196 265 1317 304 Nm
1343 271 1550 316 tutemp-
2091 267 2094 271 ’

111 367 114 372 s
185 327 457 380 peruulgatam
489 325 750 378 triumphandi
780 338 927 364 morem
956 324 1085 364 dicer·
1115 324 1148 363 is
1178 329 1293 378 poeta
1322 324 1511 376 potuerit,
1555 337 1689 376 qum
1708 289 1814 366 unci
1850 327 1906 367 iu
1940 318 2077 367 db
2091 327 2178 382 μ

187 386 336 424 initium
368 387 465 425 sexti
496 386 637 429 saeculi
668 392 801 424 natum
831 385 910 423 esse
938 387 1144 435 oporteat?
1182 380 1492 435 qud’ndoqtridom
1521 384 1787 435 probabilius·
1795 384 1848 424 de
1874 386 1960 425 eius
1988 386 2177 452 νὼ
2280 400 2331 441 Q

186 445 546 484 Windischmannus
584 444 794 497 disputanit
830 443 857 481 l.
886 456 921 482 c.
959 456 997 494 p.
1034 446 1133 482 121.
1216 442 1429 484 Praeterea
1474 448 1604 482 aum
1647 443 1804 483 minime
1839 443 2045 498 negligere
2055 431 2178 500 ill-'d

185 505 362 543 Osannus
392 505 579 553 debebat,
591 503 733 555 quod,
763 504 802 541 in
832 503 968 552 quibus
997 503 1198 542 uersa-ur
1225 501 1460 542 Bacchid'nm
1490 504 1684 550 uersibus,
1712 504 1768 541 eis
1777 503 1999 554 OErysnlm
2023 502 2176 557 refflt

186 564 292 614 prius
322 577 345 603 a
376 563 416 603 se
444 563 547 604 dicta
576 562 745 602 eiusdem
776 562 909 601 scenae
940 573 979 599 u.
1015 562 1086 601 47.
1116 561 1191 615 sq.:

422 651 539 691 Nam.-
568 652 704 689 alterz's
733 648 849 688 etidm
880 649 1054 687 ducentes
1084 647 1177 701 :isus
1207 647 1283 701 est,
1313 652 1384 701 qm·
1408 647 1674 703 dnJ'pensentur

423 712 511 751 ‘Ilio
541 713 676 761 capto,
713 709 757 749 att
775 708 837 763 sit
866 707 1043 762 mulsum,
1080 707 1148 760 qm'
1174 710 1411 760 tramphent
1439 709 1590 749 milites.

184 798 264 838 Sed
295 798 465 837 nondum
496 799 650 838 missum
681 798 778 838 facio
808 798 909 837 bunc
933 797 1079 845 locum,
1117 809 1168 836 ex
1198 810 1275 850 quo
1307 797 1336 837 Γι
1366 797 1491 838 minus
1519 812 1661 851 cogere
1687 811 1787 851 argu
1943 797 1983 837 di
2013 798 2173 838 necessi·

186 866 286 904 tate,
316 865 356 895 at
385 861 629 896 coniecturae
660 866 767 896 certe
797 859 1062 907 probabilitate
1090 858 1237 905 assequi
1268 859 1376 906 posse
1403 864 1510 895 actae
1540 859 1774 895 Bacchidum
1881 869 1953 906 pus
1983 857 2172 895 uidemur.

187 916 288 954 Nam
319 929 408 956 cum
441 917 487 955 sit
516 918 811 956 consentaneum
844 917 882 954 in
913 916 1002 967 ipsis
1030 920 1247 966 temporum
1279 910 1488 958 rationilius
1516 915 1661 969 aliquid
1689 917 1841 958 causfie
1866 922 2073 968 quaerere,
2100 928 2172 957 cur

189 976 266 1014 leui
298 978 472 1015 irrisione
503 977 762 1028 triumphandi
793 977 973 1015 honorem
1007 981 1117 1025 poeta
1148 975 1436 1024 perstrinxerit,
1481 989 1556 1026 ego
1585 975 1739 1027 quidem
1770 976 1955 1027 imprimis
1976 976 2192 1033 commoda}

184 1035 267 1073 eius
305 1036 488 1074 irrisionis
527 1042 701 1087 tempora
739 1034 816 1074 duo
855 1034 1088 1087 potissimum
1127 1034 1301 1085 reperio,
1350 1034 1448 1073 finiti
1488 1034 1693 1087 Philippici
1731 1035 1844 1083 belli,
1888 1042 1927 1074 et
1965 1035 2053 1074 belli
2092 1038 2171 1075 An-

186 1095 353 1133 tiochini.
425 1096 679 1147 Posteaquam
716 1095 817 1132 enim
857 1096 957 1132 inter
997 1108 1032 1131 a.
1066 1096 1165 1133 535
1170 1099 1236 1142 et
1269 1094 1369 1132 542.
1409 1094 1536 1132 nullus
1574 1095 1751 1133 decretus
1782 1095 1907 1134 suerat
1937 1095 2171 1147 triumphus,

188 1154 317 1192 nullus
349 1169 385 1192 a.
421 1157 523 1195 543.
557 1158 680 1203 545„
710 1156 758 1192 ab
789 1169 824 1192 a.
858 1156 957 1194 547.
988 1153 1037 1191 ad
1070 1156 1170 1192 552.
1200 1152 1293 1191 item
1324 1152 1475 1202 nullus,
1505 1146 1632 1193 nullus
1661 1154 1826 1205 denique
1857 1167 1892 1192 a.
1924 1155 2025 1194 554.
2057 1157 2172 1203 555,

187 1215 316 1253 secuta
336 1215 433 1253 sunt
465 1228 510 1253 ea
540 1220 738 1266 tempora,
777 1214 914 1266 quibus
951 1211 1227 1264 propemodum
1265 1213 1446 1252 continua
1475 1214 1621 1253 exstitit
1649 1212 1929 1265 triumphorum
1961 1214 2040 1252 sese
2068 1213 2173 1253 exei-

189 1273 374 1323 pientium
407 1274 635 1325 frequentia.
705 1274 772 1313 Bis
808 1274 864 1312 est
903 1272 1176 1330 triumphatum
1214 1283 1249 1310 3.
1281 1275 1382 1313 556.
1413 1273 1461 1311 31)
1491 1274 1538 1313 C.
1569 1272 1750 1312 Cornelio
1779 1272 1956 1325 Cethego
1983 1272 2034 1312 de
2061 1273 2171 1312 Insu-

187 1333 318 1371 bribus
337 1333 669 1385 Cenomanisque,
700 1335 747 1371 ab
763 1334 818 1375 Q.
842 1333 1010 1371 Minuci0
1035 1327 1140 1370 Ruso
1163 1331 1212 1369 de
1237 1332 1447 1383 Liguribus
1470 1333 1649 1384 Boiisque
1676 1333 1798 1372 Gaffis
1826 1331 1939 1385 (Liu.
1962 1332 2172 1380 XXXIII,

189 1396 260 1430 22.
285 1390 383 1443 sq.);
421 1407 456 1430 a.
487 1396 585 1432 557.
620 1393 669 1429 de
701 1394 948 1430 Comensibus
978 1398 1018 1429 et
1048 1392 1270 1429 Insubribus
1298 1393 1347 1429 ab
1375 1392 1430 1428 M.
1462 1392 1624 1431 Claudio
1654 1392 1837 1430 Marcello
1867 1391 1977 1442 (Liu.
2002 1405 2037 1429 c.
2057 1389 2171 1443 37.·),

186 1463 221 1488 3.
255 1453 355 1491 558.
386 1452 435 1490 31)
465 1451 513 1494 Q.
545 1451 714 1489 Minucio
746 1451 915 1489 Thermo
952 1462 1001 1488 ex
1040 1449 1227 1500 Hispania
1261 1450 1441 1489 citeriore
1478 1448 1591 1502 (Liu.
1621 1450 1816 1498 XXXIV,
1851 1447 1963 1502 1o.‚)
2004 1456 2048 1488 ut
2078 1463 2170 1488 oua-

185 1509 308 1547 tiones
338 1511 640 1559 praetermittam
673 1510 746 1547 Cn.
778 1510 948 1546 Cornelii
979 1508 1137 1545 Lentuli
1167 1513 1207 1544 et
1236 1508 1291 1543 Μ.
1321 1509 1457 1545 Heluii
1487 1509 1695 1555 Blasionis,
1725 1509 1775 1546 de
1803 1509 1938 1560 quibus
1965 1509 2055 1545 Liu.
2078 1509 2170 1546 ibid.
2192 1553 2195 1559 ἶ

185 1573 224 1605 et
249 1568 461 1615 XXXIII,
494 1573 585 1614 27.;
616 1567 671 1605 bis
695 1554 832 1606 deinde
855 1582 890 1605 a.
917 1569 1017 1607 559.
1046 1566 1093 1604 ab
1123 1565 1179 1603 M.
1202 1565 1343 1604 Porcio
1364 1566 1511 1605 Catone
1534 1581 1582 1606 ex
1607 1568 1814 1619 Hispania,
1844 1568 1891 1606 ab
1915 1567 1966 1605 Τ.
1990 1567 2169 1611 Quinctio

185 1626 402 1666 Flaminino
433 1628 482 1666 de
512 1641 605 1678 rege
630 1627 808 1678 Philippo
834 1641 882 1666 ex
907 1625 1130 1665 Macedonia
1160 1624 1272 1676 (Liu.
1294 1625 1488 1674 XXXIV,
1522 1628 1590 1666 46.
1618 1626 1724 1680 52..)
1784 1627 1862 1669 Sed
1884 1633 2011 1666 tamen
2036 1627 2169 1675 habeo,

182 1700 255 1725 cur
294 1688 420 1738 aptius
458 1688 572 1726 etiam
612 1688 650 1725 in
690 1688 864 1738 proxima
901 1693 1073 1735 tempora
1118 1686 1324 1724 conuenire
1362 1686 1492 1725 Plauti
1532 1688 1651 1725 uerba
1696 1693 1840 1738 putem.
1917 1687 2032 1726 Missa
2067 1688 2168 1725 enim

183 1747 238 1783 M.
269 1747 413 1784 Fuluii
435 1747 644 1784 Nobilioris
673 1746 851 1783 ouatione
882 1744 995 1795 (Liu.
1017 1744 1218 1790 XXXVI,
1252 1748 1321 1782 21.
1348 1743 1462 1796 39.),
1492 1745 1540 1783 de
1562 1745 1668 1783 Boiis
1692 1746 1813 1783 Gallis
1839 1759 1875 1797 a.
1903 1748 2003 1785 562.
2033 1745 2169 1783 trium-

185 1805 301 1855 phum
334 1806 417 1857 egit
447 1806 509 1843 Ρ.»
528 1805 730 1844 Cornelius
759 1805 887 1855 Scipio
919 1803 1079 1849 Nasica,
1125 1816 1160 1841 a.
1194 1806 1294 1843 563.
1325 1802 1374 1842 de
1403 1803 1548 1842 Aetolis
1577 1810 1617 1843 et
1647 1817 1741 1855 rege
1770 1801 1957 1844 Antiocho
1987 1804 2050 1842 Μ’.
2080 1805 2169 1843 Aci-

185 1865 258 1901 lius
297 1865 456 1903 Glabrio
493 1863 606 1914 (Liu.
639 1864 839 1909 XXXVI,
882 1857 957 1900 40.ι
983 1862 1207 1907 XXXVII,
1249 1860 1361 1912 46.);
1406 1863 1603 1912 proximus
1639 1869 1768 1901 autem
1808 1876 1929 1901 annus
1965 1868 2170 1914 quaternos

184 1923 396 1974 triumphos
427 1922 524 1961 uidit
555 1923 604 1961 L.
635 1921 804 1961 Cornelii
835 1921 1021 1973 Scipionis
1051 1920 1226 1968 Asiatici,
1266 1921 1517 1972 naualemque
1547 1921 1597 1960 L.
1628 1922 1778 1961 Aemilii
1809 1922 1956 1973 Regilli
1993 1921 2042 1961 de
2073 1935 2168 1974 rege

184 1983 393 2028 Antiocho,
433 1984 481 2025 Q.
514 1983 625 2020 Fabii
657 1982 846 2020 Labeonis
875 1982 967 2018 item
998 1980 1171 2018 naualem
1203 1993 1251 2017 ex
1282 1981 1401 2018 Creta
1438 1979 1551 2032 (Liu.
1583 1981 1807 2030 XXXVII,
1847 1986 1916 2022 59.
1950 1985 2019 2021 58.
2054 1981 2168 2034 60.),

183 2048 223 2081 et
254 2042 304 2080 L.
331 2042 482 2080 Aemilii
514 2041 641 2079 Paulli
672 2055 720 2079 ex
751 2041 938 2091 Hispania
968 2040 1151 2077 ulteriore
1181 2037 1339 2090 (Vellei.
1366 2040 1521 2079 Paterc.
1550 2041 1593 2088 I,
1627 2046 1666 2080 9.
1695 2040 1782 2080 coll.
1805 2042 1940 2092 Sigon.
1963 2048 2166 2080 comment.

184 2101 229 2140 ?ss
253 2101 361 2140 Fast.
393 2115 429 2152 p.
458 2100 602 2152 316.);
645 2114 740 2152 quos
771 2113 847 2137 uno
878 2101 1076 2138 interiecto
1105 2112 1205 2137 anno
1236 2099 1355 2138 secuti
1394 2102 1480 2146 [unt
1515 2114 1550 2138 3.
1583 2105 1682 2141 566.
1713 2101 1765 2138 Μ.
1799 2101 1930 2139 Fuluii
1961 2101 2168 2140 Nobilioris

182 2160 232 2198 de
271 2161 417 2198 Aetolis
464 2167 504 2198 et
543 2160 591 2198 de
629 2159 897 2210 Cephallenia,
944 2165 983 2196 et
1025 2160 1096 2196 Cn.
1136 2158 1269 2196 Manlii
1307 2160 1483 2198 Vulsonis
1528 2159 1577 2198 de
1617 2160 1738 2199 Gallis
1776 2160 1948 2198 Asiaticis
1983 2160 2165 2211 triumphi

183 2218 298 2270 (Liu.
330 2220 537 2267 XXXIX,
571 2225 609 2260 5.
645 2218 733 2272 6.);
765 2219 892 2256 nullus
921 2225 1048 2257 autem
1079 2218 1261 2268 proximis
1291 2220 1399 2257 annis
1428 2219 1477 2257 ad
1509 2226 1670 2258 mortem
1702 2219 1846 2257 Plauti.
1906 2220 2038 2258 Habes
2068 2219 2167 2258 mul-

184 2278 387 2318 titudinem
419 2280 508 2318 satis
539 2285 582 2318 ut
614 2279 768 2318 uidetur
796 2279 994 2325 idoneam,
1032 2291 1103 2317 cur
1133 2278 1385 2329 peruulgatus
1414 2278 1608 2317 diceretur
1638 2281 1737 2321 md
1748 2277 2026 2330 triumphandi;
2070 2292 2166 2318 non·

184 2339 275 2377 dum
307 2340 420 2378 habes
451 2340 659 2386 rationem,
695 2352 766 2377 cur
795 2340 833 2376 in
866 2340 1010 2376 summa
1041 2338 1254 2389 frequentia
1283 2338 1552 2388 amplissimum
1583 2339 1764 2376 honorem
1795 2351 1928 2389 parum
1961 2339 2000 2376 se
2027 2351 2166 2379 curare

183 2397 392 2449 Chrysalus
422 2398 560 2437 dixisse
590 2398 780 2437 uideatur.
850 2399 936 2437 Etsi
975 2398 1096 2448 igitur
1133 2398 1211 2435 iam
1249 2397 1459 2435 Minucium
1499 2397 1644 2436 Rufum
1683 2411 1757 2436 non
1789 2399 1877 2436 satis
1906 2397 2164 2449 triumphandi

182 2458 328 2496 honore
359 2458 519 2509 dignum
550 2459 712 2497 tribunis
742 2459 863 2497 uisum
896 2457 1031 2496 Liuius
1062 2462 1272 2503 memorat,
1317 2458 1387 2496 etsi
1417 2456 1581 2496 eundem
1612 2457 1792 2497 honorem
1824 2471 1899 2496 non
1930 2459 2009 2496 line
2038 2457 2164 2508 aliqua

182 2518 327 2555 tribuni
358 2518 623 2555 intercessione
652 2524 735 2555 tum
765 2518 982 2569 Scipionem
1006 2518 1186 2555 Nasicam
1211 2516 1430 2567 impetrasse
1456 2522 1537 2554 tum
1563 2517 1746 2556 Fuluium
1773 2517 2164 2564 Nobiliorem-narrat

183 2577 389 2624 XXXVI,
423 2581 493 2617 39.
533 2577 738 2624 XXXIX,
772 2579 832 2616 4.:
874 2583 1003 2616 tamen
1033 2577 1126 2615 haec
1156 2576 1255 2615 leuia
1286 2576 1441 2615 fuerunt
1471 2591 1542 2616 nec
1570 2577 1823 2628 comparanda
1854 2591 1942 2617 cum
1970 2576 2165 2616 acerrimis

179 2637 473 2685 certaminibus,
503 2638 640 2688 quibus
670 2637 970 2689 peruicacissima
998 2635 1341 2677 contradicentium
1371 2637 1625 2689 repugnantia
1655 2637 1867 2689 superanda
1894 2636 2038 2676 Manlio
2067 2635 2163 2676 Vnt-
