2337 2806
306 239 378 267 ιο
374 214 513 265 ‘fito
549 223 667 265 onam
703 217 827 277 magis
847 221 985 266 Fabio
1022 224 1191 265 Labeoni
1227 223 1361 267 fnit.
1362 224 1446 269 'Ac
1480 224 1530 264 de
1567 224 1640 265 Cn.
1677 224 1820 265 Manlio
1855 238 1954 276 quae
1993 224 2128 264 Liuius

284 285 413 334 18,
444 285 499 325 44
516 303 577 313 -
594 286 665 326 60.
694 285 900 325 memoriae
930 283 1117 336 prodidit,
1146 285 1290 327 faciunt
1312 285 1364 323 ‘ut
1390 294 1530 343 anceps
1559 284 1587 322 Γ
1589 291 1606 323 t
1635 284 1834 332 iudicium3
1870 284 1936 324 sed
1966 284 2014 329 Q.
2045 285 2128 336 qui·

161 332 262 388 den
269 340 400 396 Educ
428 344 626 386 minem
647 357 814 396 unquam
842 343 1097 394 indigniorem
1127 344 1176 383 ad
1206 342 1388 394 triumphi
1417 343 1598 383 honorem
1626 345 1761 384 accesl‘
1766 347 1841 392 sse
1879 344 1967 383 satis
1996 351 2130 396 aperte

161 406 212 447 ab
241 404 380 452 qod-n
414 402 649 442 declarat-m
677 404 747 442 est
785 402 1008 449 XXXVII,
1048 407 1117 443 60.
1153 409 1193 441 et
1230 402 1477 450 XXXVIII,
1519 404 1588 441 47.
1670 404 1820 460 Quippe
1856 403 2129 454 trz'zcmpham't,

156 462 270 518 ’μοι
297 475 373 518 non
399 460 536 502 heum
564 459 746 516 iniustum
768 459 945 516 geffiffe,
966 459 1044 515 sed
1072 459 1248 515 hostem
1276 463 1461 502 omnino
1490 474 1580 500 non
1609 447 1797 514 uaedt’sse
1828 465 1979 502 {nimbi
2004 464 2126 503 iacta-

161 524 275 564 ὂωιέί
341 521 458 562 Nunc
494 522 615 573 igitur
654 522 684 559 si
720 522 810 561 licet
845 522 1102 560 coniecturam
1140 522 1265 560 facere
1298 534 1347 560 ex
1384 534 1455 568 eo,
1501 521 1603 572 quod
1660 528 1689 558 it
1727 523 1940 574 probabile,
1986 535 2128 561 annum

161 584 210 625 V.
239 583 288 623 C.
319 581 419 624 664.
447 579 563 620 credo
593 594 681 621 eum
709 580 843 630 fuisse,
872 594 986 634 quem
1016 577 1091 620 non
1121 580 1237 634 longo
1266 580 1469 620 interuallo
1501 580 1626 620 secuta
1658 580 1686 618 Γ
1690 586 1705 619 t
1735 580 1815 620 eins
1838 580 1986 621 fabulae
2010 581 2128 621 Plau-

162 643 265 682 tinae
299 640 421 687 actio,
464 640 504 678 in
543 652 619 690 qua
655 640 907 691 peruulgatus
943 640 1200 691 triumphandi
1238 653 1319 678 mos
1356 640 1505 679 dicatur
1542 640 1780 692 multumque
1818 638 1867 677 de
1896 641 2018 691 prisca
2048 641 2129 700 εἰμι

79 752 96 767 ·
163 702 350 755 dignitate
378 699 458 738 esse
486 698 700 739 detractum
731 699 759 738 Γ
748 700 979 751 gmficetur

280 912 343 955 Eo
371 909 599 954 deduximus
627 910 941 967 disputationem,
969 919 1014 953 ut
1043 912 1193 954 reiectis
1221 911 1382 953 aliorum
1413 910 1462 952 de
1490 909 1741 952 Bacchidibus
1769 912 2005 965 opinionibus
2034 913 2128 964 iam,

165 988 277 1028 quam
305 974 345 1013 in
374 973 525 1011 illarum
555 973 679 1012 locum
711 974 933 1012 sententiam
963 974 1033 1024 ipsi
1065 975 1350 1020 substituamus,
1385 972 1651 1023 exponendum
1683 974 1740 1011 sit.
1801 974 1886 1015 Quo
1915 975 1954 1011 in
1983 987 2128 1024 genere

162 1034 352 1087 tripartita
379 1032 502 1072 omnis
530 1046 627 1084 quae
657 1034 775 1073 restat
803 1047 919 1085 opera
949 1033 1075 1072 nostra
1105 1033 1191 1072 erit.
1262 1033 1395 1072 Primo
1426 1031 1529 1071 enim
1560 1031 1642 1070 loco
1672 1033 1885 1071 accuratius
1914 1034 2127 1073 examinato

163 1101 202 1137 et
231 1093 415 1146 perpenso
445 1093 560 1144 ipsius
588 1093 737 1132 fabulae
764 1099 994 1145 argumento
1023 1093 1307 1141 demonstrabo,
1355 1105 1429 1130 non
1459 1093 1566 1143 posse
1595 1103 1680 1129 eam
1710 1092 1761 1130 sic
1792 1098 1835 1129 ut
1864 1092 1975 1131 hodie
1999 1093 2128 1144 *fertur

108 1165 112 1168 “
163 1168 186 1194 e
215 1158 349 1206 poetae
376 1153 548 1191 manibus
577 1152 766 1203 prodisse,
811 1152 890 1191 sets
912 1153 1150 1204 quarundam
1187 1154 1234 1191 ab
1269 1152 1376 1190 initio
1406 1152 1570 1203 partium
1602 1151 1784 1189 iacturam
1815 1151 1944 1190 secisse
1974 1154 2128 1203 prorsus

164 1212 214 1252 ad
241 1208 460 1263 argumenti
489 1212 750 1263 integritatem
780 1216 820 1251 et
848 1212 1083 1251 audientium
1114 1213 1439 1262 exspectationem
1461 1210 1768 1250 necessariarum.
1837 1211 2014 1251 Secundo
2045 1212 2127 1252 loco

162 1271 367 1331 diligenter
394 1270 610 1324 compositis
637 1270 692 1310 eis
721 1271 912 1320 uersibus,
942 1271 1008 1323 qui
1038 1285 1086 1311 ex
1116 1266 1366 1310 Bacchidibus
1393 1270 1564 1322 excerpti
1595 1283 1617 1308 a
1648 1266 1841 1308 ueteribus
1868 1272 2128 1330 grammaticis

165 1344 239 1370 non
269 1331 419 1370 exstant
447 1331 487 1368 in
516 1331 644 1368 nostra
673 1330 821 1378 sabula,
867 1331 1011 1369 nullum
1050 1332 1130 1370 esse
1165 1331 1380 1377 ostendam,
1423 1332 1488 1381 qui
1525 1331 1564 1368 in
1593 1335 1864 1386 argumentum
1894 1344 1981 1368 cum
2013 1332 2129 1369 totius

161 1389 310 1433 fabulae
337 1395 420 1427 tum
450 1388 747 1428 desideratarum
776 1390 942 1440 partium
972 1391 1122 1429 illarum
1155 1403 1230 1428 non
1259 1396 1327 1427 aut
1354 1390 1550 1430 manifesto
1573 1389 1776 1426 conueniat
1796 1394 1864 1425 aut
1887 1390 2002 1439 possit
2024 1396 2129 1428 certe

163 1449 219 1488 sat
246 1447 443 1488 commode
471 1448 689 1488 conuenire.
763 1448 898 1487 Tertio
934 1449 1098 1500 denique
1137 1448 1243 1497 loco,
1287 1448 1379 1500 quid
1416 1460 1465 1487 ex
1504 1447 1744 1498 pertractatis
1779 1447 1902 1497 primo
1941 1454 1980 1486 et
2009 1448 2129 1487 altero

162 1507 246 1545 loco
274 1507 485 1553 efficiatur,
512 1507 566 1544 ita
596 1519 796 1557 quaeram,
826 1513 890 1554 ut,
919 1521 1018 1558 quae
1047 1507 1250 1558 qualesque
1281 1507 1445 1554 fuerInt,
1474 1520 1567 1556 quas
1596 1505 1828 1543 intercidisse
1859 1508 1987 1544 scenas
2016 1507 2128 1545 intel·

162 1565 386 1615 lexerimus,
416 1565 660 1618 probabiliter
684 1565 902 1604 definiatur.

279 1783 405 1835 Atque
435 1780 526 1821 haec
549 1794 652 1834 &quae
681 1781 826 1820 restant
854 1781 1069 1820 curabimus
1098 1787 1142 1819 ut
1170 1780 1270 1819 foras
1299 1779 1439 1819 dentur
1477 1778 1715 1830 propediem:
1761 1792 1861 1819 nunc
1898 1781 2127 1820 ueniendum

164 1841 214 1879 ad
242 1841 280 1879 id
310 1843 388 1888 est,
431 1841 532 1891 quod
571 1842 668 1879 hanc
705 1841 900 1890 praefandi
938 1841 1194 1878 necessitatem
1232 1853 1308 1877 non
1346 1839 1587 1877 iniucundam
1626 1839 1731 1876 nobis
1768 1841 1955 1889 imposuit.
2026 1843 2127 1879 Nam

164 1912 239 1951 quo
268 1912 391 1950 nuper
419 1898 625 1938 honorifico
656 1898 884 1937 Professoris
915 1898 1065 1937 Publici
1094 1897 1287 1937 Ordinarii
1318 1910 1475 1936 munere
1506 1896 1648 1935 summa
1680 1910 1746 1935 nos
1776 1898 1898 1949 Regis
1927 1898 2127 1938 clementia

164 1962 317 1997 ornatos
345 1959 485 2006 uoluit,
516 1958 578 2005 id,
607 1965 650 1996 ut
681 1959 758 2009 legi
788 1959 1025 1997 academicae
1056 1959 1209 1996 satisfiat
1238 1958 1444 2007 antiquitus
1475 1956 1656 2003 sancitae,
1687 1957 1835 2007 publica
1859 1959 2030 1997 oratione
2056 1960 2127 1997 rite

163 2017 450 2068 auspicabimur.
538 2017 612 2055 Cui
649 2017 811 2056 orationi
861 2014 915 2057 de
958 2013 1088 2056 studii
1133 2012 1392 2072 philologici
1434 2021 1479 2055 et
1518 2010 1798 2055 scholasticae
1836 2012 2126 2057 institutionis

165 2073 480 2117 necessitudine
516 2076 711 2116 habendae
748 2078 804 2115 uti
839 2076 1022 2116 beneuole
1058 2076 1187 2116 adesse
1217 2076 1356 2123 uelint,
1403 2075 1771 2114 GRAVISSIMVM
1810 2076 2128 2116 ACADEMIAE

163 2137 521 2184 CVRATOREM,
549 2136 855 2174 RECTOREM
886 2136 1127 2174 EIVSDEM
1151 2135 1466 2174 ACADEMIAE
1492 2135 1839 2173 MAGNIFICVM
1852 2162 1863 2181 ‚
1894 2135 2128 2174 PROFES-

163 2195 439 2235 SORESET
469 2195 759 2234 DOOTORES
788 2195 1257 2242 ILLVSTRISSIMOS,
1286 2193 1705 2233 COMMILITONES
1729 2194 2130 2234 ORNATISSIMOS

164 2267 240 2307 qua
269 2253 379 2295 decet
407 2254 645 2295 obseruantia
674 2258 877 2307 rogamus,
906 2256 1121 2294 inuitamus.

779 2432 1491 2461 -----..---·-
